<?xml version="1.0" encoding="UTF-8"?><collection xmlns="http://www.loc.gov/MARC21/slim"><record><leader>00506nam--2200193-i-4500</leader><controlfield tag="001">000003504</controlfield><controlfield tag="002">20161230</controlfield><controlfield tag="005">20161230201025</controlfield><controlfield tag="008">060222s1000------------r-----000-0-rus-d</controlfield><datafield ind1=" " ind2=" " tag="040"><subfield code="a">IFIN-HH</subfield></datafield><datafield ind1=" " ind2=" " tag="041"><subfield code="a">rus</subfield></datafield><datafield ind1=" " ind2=" " tag="080"><subfield code="a">620.172.24:539.43:620.178</subfield></datafield><datafield ind1="1" ind2=" " tag="100"><subfield code="a">Mikliaev, P.G</subfield></datafield><datafield ind1="1" ind2="0" tag="245"><subfield code="a">Kinetika razrusenia</subfield><subfield code="c">P.g. mikliaev, g.s. nespov, v.g. kudriasov</subfield></datafield><datafield ind1=" " ind2=" " tag="260"><subfield code="a">Moskva</subfield><subfield code="b">Metallurgia</subfield><subfield code="c">1979</subfield></datafield><datafield ind1=" " ind2=" " tag="300"><subfield code="a">277P</subfield></datafield><datafield ind1="1" ind2=" " tag="700"><subfield code="a">Kudriasov, V.G</subfield></datafield><datafield ind1=" " ind2=" " tag="852"><subfield code="a">48578</subfield><subfield code="c">539.4</subfield></datafield><datafield ind1=" " ind2=" " tag="CAT"><subfield code="a">Sys</subfield><subfield code="c">20130129</subfield><subfield code="h">155147</subfield></datafield></record></collection>